@book{person,
  author =	 {{John L. Person}},
  title =	 {{Mastering the Stock Market: High Probability Market Timing and Stock Selection Tools}},
  publisher = {John Wiley \& Sons, Incorporated},
  year =	 2013
}

@article{sohnke,
  author    = {Söhnke M. Bartram and Mark Grinblatt},
  title     = {{Agnostic Fundamental Analysis Works}},
  journal   = {Journal of Financial Economics (JRE)},
  month     = {June 20},
  year      = 2017
}

@book{fox,
  author = {Justin Fox},
  title = {{Myth of the Rational Market}},
  publisher = {Harper Business},
  year = 2009
}

@book{murphy,
  title = {{Technical analysis financial markets: A comprehensive guide to trading methods and applications}},
  author = {John J. Murphy},
  publisher = {New York Institute of Finance},
  year = 1999
}

@article{mohiud,
  title = {{An Advanced Survey on Cloud Computing and State-of-the-art Research Issues}},
  author = {Mohiuddin Ahmed and Abu Sina Md. Raju Chowdhury and Mustaq Ahmed and Md. Mahmudul Hasan Rafee},
  journal = {IJCSI International Journal of Computer Science Issues},
  volume = 9,
  number = 1,
  year = 2012
}

@article {wu,
  title = {{Trend analysis of variations in carbon stock using stock big data}},
  author = {Wu Yanbin and Guo Yiqiang, Liu Lin and Huang Ni and Wang Li},
  journal = {Cluster Computing},
  volume = 20,
  year = 2017 
}

@article {aghakhani,
  title = {{A New Approach to Predict Stock Big Data by combination of Neural Networks and Harmony Search Algorithm}},
  author = {Aghakhani Kiarash and Karimi Abbas},
  journal = {International Journal of Computer Science and Information Security},
  volume = 14,
  year = 2016 
}

@article {kao,
  title = {{eWOM for Stock Market by Big Data Methods}},
  author = {Kao Yu-Cheng and Shyu Jonchi and Huang Jim-Yuh},
  journal = {Journal of Accounting, Finance \& Management Strategy},
  volume = 10,
  year = 2015 
}

@misc {iex,
  note = {\url{https://iextrading.com/}}
}

@report {global,
  title = {Monthly report January 2019},
  author = {{World Federation of Exchanges}},
  note = {https://www.world-exchanges.org/our-work/statistics Accessed 15.04.19}
}

@article {skuza,
  title = {Sentiment analysis of Twitter data within big data distributed environment for stock prediction},
  author = {{Skuza Michal and Romanowski Andrzej}},
  journal = {2015 Federated Conference on Computer Science and Information Systems (FedCSIS)},
  publisher = {IEEE},
  year = 2015,
  month = 9,
}

@article {wai,
  title = {Big Data, Small Pickings: Predicting the Stock Market with Google Trends},
  author = {Fong Wai Mun},
  journal = {The Journal of Index Investing},
  year = 2017,
  volume = 7
}

@article{nam,
  title =  {Financial news-based stock movement prediction using causality analysis of influence in the Korean stock market},
  author = {KiHwan Nam and NohYoon Seong},
  journal = {Decision Support Systems},
  volume = 117,
  year = 2019
}

@article{wang,
 title = {A big data framework for stock price forecasting using fuzzy time series},
 author = {Weina Wang},
 journal = {Multimedia Tools and Applications},
 volume = 77,
 issue = 8,
 year = 2018
}

@article{le,
 title = {Recurrent Embedding Kernel for Predicting Stock Daily Direction},
 author = {Linh Le and Ying Xie},
 journal = {IEEE/ACM 5th International Conference on Big Data Computing Applications and Technologies},
 year = 2018
}

@article{adresic,
 title = {Efficient Big Data Analysis on a Single Machine using Apache Spark and Self-Organizing Map Libraries},
 author = {{David Andrešić and Petr Šaloun and Ioannis Anagnostopoulos}},
 journal = {12th International Workshop on Semantic and Social Media Adaptation and Personalization},
 year = 2017
}

@article{islam,
 title = {Mining Illegal Insider Trading of Stocks: A Proactive Approach},
 author = {Sheikh Rabiul Islam and Sheikh Khaled Ghafoor and William Eberle},
 journal = {IEEE International Conference on Big Data},
 year = 2018
}

@inproceedings{serez,
 title = {An Artificial Neural Network-based Stock Trading System Using Technical Analysis and Big Data Framework},
 author = {Omer Berat Sezer and A. Murat Ozbayoglu and Erdogan Dogdu},
 journal = {ACM SE '17 Proceedings of the SouthEast Conference},
 year = 2017
}

@article{serez2,
 title = {A Deep Neural-Network Based Stock Trading System Based on Evolutionary Optimized Technical Analysis Parameters},
 author = {Omer Berat Sezer and A. Murat Ozbayoglu and Erdogan Dogdu},
 journal = {Procedia Computer Science},
 volume = 114,
 year = 2018
}

@article{wenga,
 title = {Predicting short-term stock prices using ensemble methods and online data sources},
 author = {Bin Wenga and Lin Lua and Xing Wanga and Fadel M. Megahedb and Waldyn Martinez},
 journal = {Expert Systems With Applications},
 volume = 112,
 year = 2018
}

@article{das,
 title = {Real-Time Sentiment Analysis of Twitter Streaming data for Stock Prediction},
 author = {Sushree Das and Ranjan Kumar Behera and Mukesh Kumar and Santanu Kumar Rath},
 journal = {International Conference on Computational Intelligence and Data Science},
 year = 2018
}

@article{peng,
 title = {Stocks Analysis and Prediction Using Big Data Analytics},
 author = {Zhihao Peng},
 journal = {International Conference on Intelligent Transportation, Big Data \& Smart City},
 year = 2019
}

@article{chen,
 title = {Stock Price Prediction via Financial News Sentiment Analysis},
 author = {Lizi Chen and Chun-Yi Yang},
 note = { https://github.com/Finance-And-ML/US-Stock-Prediction-Using-ML-And-Spark Accessed: 08.05.19 }
}

@article{chungho,
  title = { Stock Market Analysis from Twitter and News Based on Streaming Big Data Infrastructure },
  author = { Chungho Lee and Incheon Paik},
  journal = { IEEE 8th International Conference on Awareness Science and Technology },
  year = 2017
}

@inproceedings{senguptaa,
  title={ A Review of Deep Learning with Special Emphasis on Architectures, Applications and Recent Trends },
  author = { Saptarshi Senguptaa and Sanchita Basaka and Pallabi Saikiab and Sayak Paulc and Vasilios Tsalavoutisd and Frederick Atiahe and Vadlamani Ravif and Alan Peters },
  year = 2019
}

@misc{juan,
  title = {Real Time Machine Learning Architecture and Sentiment Analysis Applied to Finance},
  author = {Juan Cheng},
  note = {Slide set available at: \url{https://www.slideshare.net/Quantopian/real-time-machine-learning-architecture-and-sentiment-analysis-applied-to-finance-by-juan-cheng-data-scientist-at-infotrie} Accessed: 08.05.19}
}

@misc{snively,
  title = {{AWS re:Invent 2018: Big Data Analytics Architectural Patterns \& Best Practices}},
  author = {Ben Snively},
  note = {Available at: \url{https://youtu.be/ovPheIbY7U8} Accessed: 08.05.19}
}

@misc{palmer,
  title = {{DATA \& ANALYTICS: Analyzing 25 billion stock market events in an hour with NoOps on GCP}},
  author = {Neil Palmer and Todd Ricker and Carter Page},
  note = {Available at: \url{https://www.youtube.com/watch?v=fqOpaCS117Q} Accessed: 08.05.19}
}

@misc{curtis,
  title = {Streaming Stock Market Data with Apache Spark and Kafka},
  author = {Paul Curtis},
  note = {Available at: \url{https://www.youtube.com/watch?v=0tSZo8I2924} Accessed: 08.05.19}
}

@article{kyo,
  title = {Big Data Analysis of the Dynamic Effects of Business Cycles on Stock Prices in Japan},
  author = {Koki Kyo},
  journal = {15th International Symposium on Pervasive Systems, Algorithms and Networks (I-SPAN)},
  year = 2018
}

@article{day,
  title = {Trading as sharp movements in oil prices and technical trading signals emitted with big data concerns},
  author = {Min-Yuh Day and Yensen Ni and Paoyu Huang},
  journal = {Physica A: Statistical Mechanics and its Applications},
  volume = 525,
  year = 2019
}

@article{utthammajai,
  title = {Association Mining on Stock Index Indicators},
  author = {Krittithee Utthammajai and Pakorn Leesutthipornchai},
  journal = {International Journal of Computer and Communication Engineering},
  volume = 4,
  year = 2015
}

@article{gu,
  title = {Penguin: Efficient Query-Based Framework for Replaying Large Scale Historical Data},
  author = {Rong Gu and Yufa Zhou and Zhaokang Wang and Chunfeng Yuan and Yihua Huang},
  journal = {IEEE Transactions on parallel and distributed systems},
  volume = 29,
  year = 2018
}

@article{tkac,
  title = {Artificial neural networks in business: Two decades of research},
  author = {{Michal Tkáč and Robert Verner}},
  journal = {Applied soft computing},
  volume = 38,
  year = 2016
}

@article{fischer,
  title = {Deep learning with long short-term memory networks for financial market predictions},
  author = {Thomas Fischer and Christopher Krauss},
  journal = {European Journal of Operational Research},
  issue = 270,
  year = 2017
}

@article{zhanga,
  title = {A novel data-driven stock price trend prediction system},
  author = {Jing Zhanga and Shicheng Cuia and Yan Xua and Qianmu Lia and Tao Lib},
  journal = {Expert Systems With Applications},
  volume = 97,
  year = 2018
}

@book{james,
  title = {Essentials of Technical Analysis for Financial Markets},
  author = {James Chen},
  publisher = {{John Wiley \& Sons\, Inc}},
  year = 2010
}