@book{person,
  author =	 {{John L. Person}},
  title =	 {{Mastering the Stock Market: High Probability Market Timing and Stock Selection Tools}},
  publisher = {John Wiley \& Sons, Incorporated},
  year =	 2013
}

@article{sohnke,
  author    = {SÃ¶hnke M. Bartram and Mark Grinblatt},
  title     = {{Agnostic Fundamental Analysis Works}},
  journal   = {Journal of Financial Economics (JRE)},
  month     = {June 20},
  year      = 2017
}

@book{fox,
  author = {Justin Fox},
  title = {{Myth of the Rational Market}},
  publisher = {Harper Business},
  year = 2009
}

@book{murphy,
  title = {{Technical analysis financial markets: A comprehensive guide to trading methods and applications}},
  author = {John J. Murphy},
  publisher = {New York Institute of Finance},
  year = 1999
}

@article{mohiud,
  title = {{An Advanced Survey on Cloud Computing and State-of-the-art Research Issues}},
  author = {{Mohiuddin Ahmed, Abu Sina Md. Raju Chowdhury, Mustaq Ahmed, Md. Mahmudul Hasan Rafee}},
  journal = {IJCSI International Journal of Computer Science Issues},
  volume = 9,
  number = 1,
  year = 2012
}
