@book{person,
  author =	 {{John L. Person}},
  title =	 {{Mastering the Stock Market: High Probability Market Timing and Stock Selection Tools}},
  publisher = {John Wiley \& Sons, Incorporated},
  year =	 2013
}

@article{sohnke,
  author    = {SÃ¶hnke M. Bartram and Mark Grinblatt},
  title     = {{Agnostic Fundamental Analysis Works}},
  journal   = {Journal of Financial Economics (JRE)},
  month     = {June 20},
  year      = 2017
}

@book{fox,
  author = {Justin Fox},
  title = {{Myth of the Rational Market}},
  publisher = {Harper Business},
  year = 2009
}

@book{murphy,
  title = {{Technical analysis financial markets: A comprehensive guide to trading methods and applications}},
  author = {John J. Murphy},
  publisher = {New York Institute of Finance},
  year = 1999
}

@article{mohiud,
  title = {{An Advanced Survey on Cloud Computing and State-of-the-art Research Issues}},
  author = {Mohiuddin Ahmed, Abu Sina Md. Raju Chowdhury, Mustaq Ahmed and Md. Mahmudul Hasan Rafee},
  journal = {IJCSI International Journal of Computer Science Issues},
  volume = 9,
  number = 1,
  year = 2012
}

@article {wu,
  title = {{Trend analysis of variations in carbon stock using stock big data}},
  author = {Wu Yanbin, Guo Yiqiang, Liu Lin and Huang Ni and Wang Li},
  journal = {Cluster Computing},
  volume = 20,
  year = 2017 
}

@article {aghakhani,
  title = {{A New Approach to Predict Stock Big Data by combination of Neural Networks and Harmony Search Algorithm}},
  author = {Aghakhani Kiarash and Karimi Abbas},
  journal = {International Journal of Computer Science and Information Security},
  volume = 14,
  year = 2016 
}

@article {kao,
  title = {{eWOM for Stock Market by Big Data Methods}},
  author = {Kao Yu-Cheng, Shyu Jonchi and Huang Jim-Yuh},
  journal = {Journal of Accounting, Finance \& Management Strategy},
  volume = 10,
  year = 2015 
}

@misc {iex,
  note = {\url{https://iextrading.com/}}
}

@report {global,
  title = {Monthly report January 2019},
  author = {{World Federation of Exchanges}},
  note = {https://www.world-exchanges.org/our-work/statistics Accessed 15.04.19}
}

@article {skuza,
  title = {Sentiment analysis of Twitter data within big data distributed environment for stock prediction},
  author = {{Skuza Michal and Romanowski Andrzej}},
  journal = {2015 Federated Conference on Computer Science and Information Systems (FedCSIS)},
  publisher = {IEEE},
  year = 2015,
  month = 9,
}

@article {wai,
  title = {Big Data, Small Pickings: Predicting the Stock Market with Google Trends},
  author = {Fong Wai Mun},
  journal = {The Journal of Index Investing},
  year = 2017,
  volume = 7
}